@INPROCEEDINGS{campuf,

  author={Kim, Younghyun and Lee, Yongwoo},

  booktitle={2018 55th ACM/ESDA/IEEE Design Automation Conference (DAC)},

  title={CamPUF: Physically Unclonable Function based on CMOS Image Sensor Fixed Pattern Noise},

  year={2018},

  volume={},

  number={},

  pages={1-6},

  doi={10.1109/DAC.2018.8465908}}

@misc{pattnoise,
  title = {photometrics},

  howpublished = {\url{https://www.photometrics.com/learn/advanced-imaging/pattern-noise-dsnu-and-prnu}},

  note = {Fixed Pattern Noise overview}

}

@misc{pufwiki,
  title = {wikipedia},

  howpublished = {\url{https://en.wikipedia.org/wiki/Types_of_physical_unclonable_function}}

  note = {PUF types overview}

}

@INPROCEEDINGS{oxidecmosPUF,
  author={Degraeve, R. and Kaczer, B. and De Keersgieter, A. and Groeseneken, G.},
  booktitle={2001 IEEE International Reliability Physics Symposium Proceedings. 39th Annual (Cat. No.00CH37167)}, 
  title={Relation between breakdown mode and breakdown location in short channel NMOSFETs and its impact on reliability specifications}, 
  year={2001},
  volume={},
  number={},
  pages={360-366},
  doi={10.1109/RELPHY.2001.922928}
}

@inproceedings{pixelvarPUF,
  title={P 01 A Proposal of PUF Utilizing Pixel Variations in the CMOS Image Sensor},
  author={Shunsuke Okura and Yukiko Nakura and Masayoshi Shirahata and Mitsuru Shiozaki and Takaya Kubota and Kenichiro Ishikawa and Isao Takayanagi and Takashi Fujino},
  year={2017},
  url={https://api.semanticscholar.org/CorpusID:38344529}
}

@INPROCEEDINGS{SRAMPUF,
    author={Rosario Arjona and Miguel Prada-Delgado and Javier Arcenegui and Iluminada Baturone},
    title={Using Physical Unclonable Functions for Internet-of-Thing Security Cameras},
    proceedings={Interoperability, Safety and Security in IoT. Third International Conference, InterIoT 2017, and Fourth International Conference, SaSeIot 2017, Valencia, Spain, November 6-7, 2017, Proceedings},
    proceedings_a={INTERIOT \& SASEIOT},
    year={2018},
    month={7},
    keywords={Internet of Things (IoT) Security cameras Physical Unclonable Functions (PUFs) Trust and privacy in IoT},
    doi={10.1007/978-3-319-93797-7_16}
}
